@incollection{
year={2012},
isbn={978-3-642-31056-0},
booktitle={ECOOP 2012 â€“ Object-Oriented Programming},
volume={7313},
series={Lecture Notes in Computer Science},
editor={Noble, James},
doi={10.1007/978-3-642-31057-7_19},
title={JavaScript as an Embedded DSL},
url={http://dx.doi.org/10.1007/978-3-642-31057-7_19},
publisher={Springer Berlin Heidelberg},
keywords={JavaScript; Scala; DSL; programming languages},
author={Kossakowski, Grzegorz and Amin, Nada and Rompf, Tiark and Odersky, Martin},
pages={409-434},
language={English}
}
