@inproceedings{Burmako2013,
 author = {Burmako, Eugene},
 title = {Scala Macros: Let Our Powers Combine!: On How Rich Syntax and Static Types Work with Metaprogramming},
 booktitle = {Proceedings of the 4th Workshop on Scala},
 series = {SCALA '13},
 year = {2013},
 isbn = {978-1-4503-2064-1},
 location = {Montpellier, France},
 pages = {3:1--3:10},
 articleno = {3},
 numpages = {10},
 url = {http://doi.acm.org/10.1145/2489837.2489840},
 doi = {10.1145/2489837.2489840},
 acmid = {2489840},
 publisher = {ACM},
 address = {New York, NY, USA},
 keywords = {Scala, compile-time metaprogramming, domain-specific languages, type classes},
}

@incollection{Kossakowski2012,
year={2012},
isbn={978-3-642-31056-0},
booktitle={ECOOP 2012 – Object-Oriented Programming},
volume={7313},
series={Lecture Notes in Computer Science},
editor={Noble, James},
doi={10.1007/978-3-642-31057-7_19},
title={JavaScript as an Embedded DSL},
url={http://dx.doi.org/10.1007/978-3-642-31057-7_19},
publisher={Springer Berlin Heidelberg},
keywords={JavaScript; Scala; DSL; programming languages},
author={Kossakowski, Grzegorz and Amin, Nada and Rompf, Tiark and Odersky, Martin},
pages={409-434},
}

@inproceedings{Hoger2013,
 author = {H\"{o}ger, Christoph and Zuber, Martin},
 title = {Towards a Tight Integration of a Functional Web Client Language into Scala},
 booktitle = {Proceedings of the 4th Workshop on Scala},
 series = {SCALA '13},
 year = {2013},
 isbn = {978-1-4503-2064-1},
 location = {Montpellier, France},
 pages = {6:1--6:5},
 articleno = {6},
 numpages = {5},
 url = {http://doi.acm.org/10.1145/2489837.2489843},
 doi = {10.1145/2489837.2489843},
 acmid = {2489843},
 publisher = {ACM},
 address = {New York, NY, USA},
 keywords = {JavaScript, Scala, integration, macros, reflection, static typing, web development},
}

@techreport{Buchle2013,
 author = {B\"{u}chele, Andreas and H\"{o}ger, Christoph and Linges, Fabian and Lorenzen, Florian and Rohloff, Judith and Zuber, Martin},
 title = {The SL language and compiler},
 institution = {Technische Universität von Berlin},
 year = {2013},
 type = {Sprachbeschreibung},
}

@techreport{Bisping2013,
 author = {Bisping, Benjamin and Jasper, Rico and Lohmeier, Sebastian and Psiorz, Friedrich},
 title = {Projektbericht: Erweiterung von SL um ein Modulsystem},
 institution = {Technische Universität von Berlin},
 year = {2013},
 type = {Projektbericht}
}

@book{Pepper2007,
 author = {Pepper, Peter and Hofstedt, Petra},
 title = {Funktionale Programmierung: Sprachdesign Und Programmiertechnik (eXamen.Press)},
 year = {2007},
 isbn = {354020959X},
 publisher = {Springer-Verlag New York, Inc.},
 address = {Secaucus, NJ, USA},
}

@techreport{Odersky2013,
 author = {Odersky, Martin},
 title = {The Scala Language Specification Version 2.9},
 institution = {Programming Methods Laboratory EPF},
 month = {Jun},
 year = {2013},
}

@misc{Paggen2013,
 author = {Paggen, Marcel},
 title = {Klassensystem},
 month = {Feb},
 year = {2013},
 howpublished = {http://www.scalatutorial.de/topic161.html},
 note = {[Online, zuletzt besucht: 07.07.2014]}
}

@misc{UnbekannterAutor2013,
 title = {A Tour of Scala: Unified Types},
 month = {Okt},
 year = {2009},
 howpublished = {http://www.scala-lang.org/old/node/128},
 note = {[Online, zuletzt besucht: 07.07.2014]},
}

@techreport{Ecma2011,
 author = {{Ecma International}},
 title = {Standard ECMA-262 ECMAScript Language Specification},
 institution = {Ecma International},
 month = {Jun},
 year = {2011},
 type = {Standart},
 note = {Edition 5.1}
}

@misc{Oracle2011,
 author = {{Oracle America}},
 title = {Integral Types and Values},
 month = {Jul},
 year = {2011},
 howpublished = {http://docs.oracle.com/javase/specs/jls/se7/html/jls-4.html\#jls-4.2.1},
 note = {Final Release [Online, zuletzt besucht: 07.07.2014]}
}

@misc{Json4s,
 author = {Json4s},
 title = {Json4s One AST to rule them all},
 howpublished = {http://json4s.org/},
 note = {[Online, zuletzt besucht: 08.07.2014]},
}

@misc{EPFL1,
 author = {Burmako, Eugene},
 organization = {EPFL},
 title = {Macro Annotations},
 howpublished = {http://docs.scala-lang.org/overviews/macros/annotations.html},
 note = {[Online, zuletzt besucht: 08.07.2014]}
}

@misc{EPFL2,
 author = {Burmako, Eugene},
 organization = {EPFL},
 title = {Def Macros},
 howpublished = {http://docs.scala-lang.org/overviews/macros/overview.html},
 note = {[Online, zuletzt besucht: 08.07.2014]}
}

@misc{Crockford2010,
 author = {Crockford, Douglas},
 year = {2010},
 month = {Nov},
 title = {JSON in JavaScript},
 howpublished = {https://github.com/douglascrockford/JSON-js},
 note = {[Online, zuletzt besucht: 08.07.2014]}
}

@misc{RequireJS1,
 author = {RequireJS},
 title = {RequireJS},
 howpublished = {http://requirejs.org/},
 note = {[Online, zuletzt besucht: 08.07.2014]}
}

@misc{JQuery1,
 author = {{The jQuery Foundation}},
 title = {jQuery write less, do more.},
 howpublished = {https://jquery.com/},
 note = {[Online, zuletzt besucht: 08.07.2014]}
}

@misc{Play1,
 author = {{Play}},
 title = {The High Velocity Web Framework For Java and Scala},
 howpublished = {http://www.playframework.com/},
 note = {[Online, zuletzt besucht: 08.07.2014]}
}

@inproceedings{Rompf2010,
 author = {Rompf, Tiark and Odersky, Martin},
 title = {Lightweight Modular Staging: A Pragmatic Approach to Runtime Code Generation and Compiled DSLs},
 booktitle = {Proceedings of the Ninth International Conference on Generative Programming and Component Engineering},
 series = {GPCE '10},
 year = {2010},
 isbn = {978-1-4503-0154-1},
 location = {Eindhoven, The Netherlands},
 pages = {127--136},
 numpages = {10},
 url = {http://doi.acm.org/10.1145/1868294.1868314},
 doi = {10.1145/1868294.1868314},
 acmid = {1868314},
 publisher = {ACM},
 address = {New York, NY, USA},
 keywords = {code generation, domain-specific languages, language virtualization, multi-stage programming},
} 

@inproceedings{Richard-Foy2013,
 author = {Richard-Foy, Julien and Barais, Olivier and J{\'e}z{\'e}quel, Jean-Marc},
 title = {Efficient High-level Abstractions for Web Programming},
 booktitle = {Proceedings of the 12th International Conference on Generative Programming: Concepts \&\#38; Experiences},
 series = {GPCE '13},
 year = {2013},
 isbn = {978-1-4503-2373-4},
 location = {Indianapolis, Indiana, USA},
 pages = {53--60},
 numpages = {8},
 url = {http://doi.acm.org/10.1145/2517208.2517227},
 doi = {10.1145/2517208.2517227},
 acmid = {2517227},
 publisher = {ACM},
 address = {New York, NY, USA},
 keywords = {domain-specific language, heterogeneous code generation, scala, web},
}

@TechReport{Doeraene2013,
   abstract    = {Interoperability between statically typed and
                 dynamically typed languages is increasingly important, as
                 can be witnessed by the many statically typed languages
                 targeting JavaScript. Interoperating with both the
                 object-oriented and functional features of JavaScript is
                 essential, if only to manipulate the DOM, yet existing
                 languages have very poor support for this. We present
                 Scala.js, a dialect of Scala compiling to JavaScript. Its
                 interoperability system is based on a powerful and
                 intuitive framework for type-directed interoperability
                 with dynamically typed languages. The framework combines
                 facade types for JavaScript values; user-defined,
                 implicit, type-directed cross-language conversions; and a
                 Dynamic type building on facade types and implicit
                 conversions. It accommodates both the functional and
                 object-oriented features of Scala and JavaScript, and
                 provides very natural interoperability between the two
                 languages. It is expressive enough to represent the DOM
                 and jQuery APIs, among others, both in its statically
                 typed and dynamically typed flavors.},
   affiliation = {EPFL},
   author      = {Doeraene, Sébastien},
   details     = {http://infoscience.epfl.ch/record/190834},
   documenturl = {http://infoscience.epfl.ch/record/190834/files/scalajs-paper.pdf},
   keywords    = {interoperability; static types; dynamic types; Scala; JavaScript},
   oai-id      = {oai:infoscience.epfl.ch:190834},
   oai-set     = {driver},
   pagecount   = {10},
   submitter   = {232023; 232023},
   title       = {Scala.{j}s: {T}ype-{D}irected {I}nteroperability with
                 {D}ynamically {T}yped {L}anguages},
   unit        = {LAMP},
   year        = 2013
}

@misc{Doeraene2014,
 author = {Doeraene, Sébastien},
 title = {Calling JavaScript from Scala.js},
 howpublished = {http://www.scala-js.org/doc/calling-javascript.html},
 year = 2014
 note = {[Online, zuletzt besucht: 12.07.2014]}
}

@misc{TypeSave,
 author = {{TypeSave}},
 title = {sbt},
 howpublished = {http://www.scala-sbt.org/},
 note = {[Online, zuletzt besucht: 18.07.2014]}
}
